% Taxon hierarchy articles
 @article{gomez-donoso_escalona_pérez-esteve_cazorla_2021, 
    title={Accurate Multilevel Classification for wildlife images}, 
    volume={2021}, 
    DOI={10.1155/2021/6690590}, 
    journal={Computational Intelligence and Neuroscience}, 
    author={Gomez-Donoso, Francisco and Escalona, Félix and Pérez-Esteve, Ferran and Cazorla, Miguel}, year={2021}, 
    pages={1–11}
} 

% Plankton aritcle using metadata
 @article{ellen_graff_ohman_2019,   
    title={Improving plankton image classification using context metadata}, 
    volume={17}, 
    DOI={10.1002/lom3.10324}, 
    number={8}, 
    journal={Limnology and Oceanography: Methods}, author={Ellen, Jeffrey S. and Graff, Casey A. and Ohman, Mark D.}, 
    year={2019}, 
    pages={439–461}
} 

% Google image classification with location context
 @article{tang_paluri_fei-fei_fergus_bourdev_2015, 
    title={Improving image classification with location context}, 
    DOI={10.1109/iccv.2015.121}, 
    journal={2015 IEEE International Conference on Computer Vision (ICCV)}, 
    author={Tang, Kevin and Paluri, Manohar and Fei-Fei, Li and Fergus, Rob and Bourdev, Lubomir}, year={2015}, 
    pages={1008–1016}
} 